<?xml version="1.0" encoding="UTF-8"?><record xmlns="http://www.loc.gov/MARC21/slim" xmlns:cinclude="http://apache.org/cocoon/include/1.0" xmlns:zs="http://www.loc.gov/zing/srw/">
  <leader>00857cz  a2200205n  4500</leader>
  <controlfield tag="001">n  88102175 </controlfield>
  <controlfield tag="003">DLC</controlfield>
  <controlfield tag="005">20080811161956.0</controlfield>
  <controlfield tag="008">881116n| acannaabn          |b aaa      </controlfield>
  <datafield tag="010" ind1=" " ind2=" ">
    <subfield code="a">n  88102175 </subfield>
  </datafield>
  <datafield tag="035" ind1=" " ind2=" ">
    <subfield code="a">(OCoLC)oca02404954</subfield>
  </datafield>
  <datafield tag="040" ind1=" " ind2=" ">
    <subfield code="a">DLC</subfield>
    <subfield code="b">eng</subfield>
    <subfield code="c">DLC</subfield>
    <subfield code="d">DLC-R</subfield>
    <subfield code="d">OCoLC</subfield>
  </datafield>
  <datafield tag="100" ind1="1" ind2=" ">
    <subfield code="a">Shefatya, Leah</subfield>
  </datafield>
  <datafield tag="400" ind1="1" ind2=" ">
    <subfield code="a">Shefaṭyah, Leʼah</subfield>
  </datafield>
  <datafield tag="400" ind1="1" ind2=" ">
    <subfield code="a">Shephatiah, Lea</subfield>
  </datafield>
  <datafield tag="400" ind1="1" ind2=" ">
    <subfield code="a">שפטיה, לאה</subfield>
  </datafield>
  <datafield tag="667" ind1=" " ind2=" ">
    <subfield code="a">Machine-derived non-Latin script reference project.</subfield>
  </datafield>
  <datafield tag="667" ind1=" " ind2=" ">
    <subfield code="a">Non-Latin script reference not evaluated.</subfield>
  </datafield>
  <datafield tag="670" ind1=" " ind2=" ">
    <subfield code="a">Smilansky, S. ha-Maʻarekhet ha-mishpaḥtit ṿeha-maʻarekhet ha-bet-sifrit, 1987:</subfield>
    <subfield code="b">t.p. (Leʼah Shefaṭyah) t.p. verso (Leah Shefatya [in rom.]) p. 4 of cover (researcher at Mekhon Szold)</subfield>
  </datafield>
  <datafield tag="670" ind1=" " ind2=" ">
    <subfield code="a">Smilansky, S. Ivḥun ʻa. y. ha-ganenet, 1976:</subfield>
    <subfield code="b">t.p. (Leʼah Shefaṭyah) p. 4 of cover (Lea Shephatiah [in rom.])</subfield>
  </datafield>
</record>